<?xml version="1.0" encoding="utf-8"?>
<record xmlns="http://www.loc.gov/MARC21/slim" xmlns:xsi="http://www.w3.org/2001/XMLSchema-instance" xsi:schemaLocation="http://www.loc.gov/MARC21/slim http://www.loc.gov/standards/marcxml/schema/MARC21slim.xsd">
	<leader>     nam a22     Mi 4500</leader>
	<controlfield tag="001">5733</controlfield>
	<controlfield tag="003">aeadna</controlfield>
	<controlfield tag="006">m        d        </controlfield>
	<controlfield tag="007">cr cn |||m|||a</controlfield>
	<controlfield tag="008">210727s1953||||ua     fo   ea000 mdara d</controlfield>
	<datafield ind1=" " ind2=" " tag="040">
		<subfield code="a">ZYU</subfield>
		<subfield code="b">ara</subfield>
		<subfield code="c">ZYU</subfield>
	</datafield>
	<datafield ind1="0" ind2=" " tag="041">
		<subfield code="a">ara</subfield>
	</datafield>
	<datafield ind1=" " ind2="4" tag="050">
		<subfield code="a">PJ7745</subfield>
		<subfield code="b">.I15 1953</subfield>
	</datafield>
	<datafield ind1=" " ind2=" " tag="066">
		<subfield code="c">(3</subfield>
		<subfield code="c">$1</subfield>
	</datafield>
	<datafield ind1="1" ind2="0" tag="082">
		<subfield code="a">416</subfield>
		<subfield code="b">21</subfield>
	</datafield>
	<datafield ind1="2" ind2=" " tag="100">
		<subfield code="a">ابن عبد ربه الأندلسي، أبي عمر بن محمد،</subfield>
		<subfield code="d">860-940 م.</subfield>
	</datafield>
	<datafield ind1="1" ind2="2" tag="245">
		<subfield code="a">العقد الفريد</subfield>
		<subfield code="h">[electronic resource] /</subfield>
		<subfield code="c">تأليف ابي عمر بن محمد بن عبد ربه الأندلسي؛ تحقيق محمد سعيد العريان.</subfield>
	</datafield>
	<datafield ind1="1" ind2="3" tag="246">
		<subfield code="a"/>
	</datafield>
	<datafield ind1=" " ind2=" " tag="250">
		<subfield code="a">ط. 2</subfield>
	</datafield>
	<datafield ind1=" " ind2=" " tag="260">
		<subfield code="a">[القاهرة] :</subfield>
		<subfield code="b">مطبعة الاستقامة،</subfield>
		<subfield code="c">1953 م.</subfield>
	</datafield>
	<datafield ind1=" " ind2=" " tag="300">
		<subfield code="a">online resource (ج. ؛)</subfield>
	</datafield>
	<datafield ind1=" " ind2=" " tag="500">
		<subfield code="a">نبذة من سيرة المؤلف : ابن عبد ربه هو أبو عمر أحمد بن محمد بن عبد ربه بن حبيب بن حيدر بن سالم، مولى هشام بن عبد الرحمن بن معاوية بن هشام بن عبد الملك بن مروان،   ولد ابن عبد ربه سنة 246هـ وتوفي يوم الأحد في الثامن عشر من جمادى الأولى لسنة 328هـ عن عمر يناهز اثنين وثمانين عامًا، وُدفن يوم الاثنين في المقبرة الواقعة في العباس بقرطبة.  وهو أديب وشاعر ومن أهل العلم. وقد جمع ابن عبد ربه أثناء التحصيل العلمّي بين كل من الثقافة الدينية والأدبية، واعتنى بأدب المشارقة نظرًا لما أخذه عن شيوخه في الأندلس مثل: بقي بن مخلد، ومحمد بن عبد السلام الخشنّي، ومحمد بن وضاح وغيرهم من رجال العلم الذين جابوا أقطار المشرق وذاع صيتهم في الأندلس وأقطار المغرب، ورغم أّن ابن عبد ربه أندلسّي الأصل إّلا أّنه لم ُيشر إليها أو إلى أهلها بأي كلمة فيما عدا ما عّرف به عن نفسه ونشره للشعر. من أشهر كتبه العقد الفريد، وهو كتاب يجمع بين الأخبار، والأنساب، والأمثال، والشعر، والعروض والموسيقى، وقد شمل خلاصة ما كتب الأصمعّي، وأبو عبيدة، والجاحظ، وابن قتيبة وغيرهم من الأدباء الكبار، وكتاب العقد الفريد مقّسم إلى عّدة أقسام، وسّمى ابن عبد رّبه كل باب منه على طريقة العقد، وجعل منه خمسة وعشرين كتابًا، كل كتاب يحتوي جزئين، أي أّن الكتاب يحتوي على خمسين جزءًا.</subfield>
	</datafield>
	<datafield ind1=" " ind2=" " tag="500">
		<subfield code="a">يتوفر بالمكتبة ج.1-2 و ج.3-4</subfield>
	</datafield>
	<datafield ind1=" " ind2=" " tag="500">
		<subfield code="a">يضاف على بعض الطبعات كلمة كتاب ليصبح : كتاب العقد الفريد</subfield>
	</datafield>
	<datafield ind1=" " ind2=" " tag="500">
		<subfield code="a">Part of the Arabic Collections Online (ACO) project, contributed by United Arab Emirates National Archives.</subfield>
	</datafield>
	<datafield ind1=" " ind2=" " tag="520">
		<subfield code="a">يشتمل الكتاب على جملة من الأخبار والأمثال والحكم والمواعظ والأشعار وغيرها. وقد ُسمي بـ &amp;#xab;العقد&amp;#xbb; لأن ابن عبد ربه قّسمه إلى أبواب أو كتب حمل كل منها اسم حجر كريم، كالزبرجدة والمرجانة والياقوتة والجمانة واللؤلؤة، وغير ذلك مما تناول عقود الحسان الحقيقية. الكتاب موسوعة أدبية، تجمع بين المختارات الشعرية والنثرية، ولمحات من التاريخ والأخبار، مع الأخذ بنظرات في البلاغة والنقد مع شيء من العروض والموسيقى، وإشارات للأخلاق والعادات.</subfield>
	</datafield>
	<datafield ind1=" " ind2=" " tag="533">
		<subfield code="a">Electronic reproduction.</subfield>
		<subfield code="b">New York, N.Y. :</subfield>
		<subfield code="c">New York University,</subfield>
		<subfield code="d">2021.</subfield>
		<subfield code="5">NNU</subfield>
	</datafield>
	<datafield ind1=" " ind2="4" tag="650">
		<subfield code="a">الأدب العربي</subfield>
		<subfield code="v">دوائر معارف</subfield>
	</datafield>
	<datafield ind1=" " ind2="4" tag="650">
		<subfield code="a">الشعر العربي</subfield>
		<subfield code="x">تاريخ ونقد</subfield>
	</datafield>
	<datafield ind1=" " ind2="4" tag="650">
		<subfield code="a">اللغة العربية</subfield>
		<subfield code="x">العروض والقوافي</subfield>
	</datafield>
	<datafield ind1="1" ind2=" " tag="700">
		<subfield code="a">العريان، محمد سعيد،</subfield>
		<subfield code="e">محقق</subfield>
	</datafield>
	<datafield ind1="2" ind2=" " tag="710">
		<subfield code="a">Abu Dhabi (United Arab Emirates).</subfield>
		<subfield code="b">National Archives.</subfield>
	</datafield>
	<datafield ind1="0" ind2=" " tag="730">
		<subfield code="a">Arabic Collections Online.</subfield>
	</datafield>
	<datafield ind1="0" ind2=" " tag="775">
		<subfield code="a">ابن عبد ربه الأندلسي، أبي عمر بن محمد،</subfield>
		<subfield code="b">ط. 3.</subfield>
		<subfield code="d">بيروت : دار إحياء التراث العربي، 1999م.</subfield>
		<subfield code="t">&amp;#xfffd;ال عقد الفريد/</subfield>
	</datafield>
	<datafield ind1="0" ind2=" " tag="775">
		<subfield code="a">ابن عبد ربه الأندلسي، أبي عمر بن محمد،</subfield>
		<subfield code="d">القاهرة : مطبعة لجنة التأليف والترجمة، 1940 م.</subfield>
		<subfield code="t">&amp;#xfffd;كتاب ال عقد الفريد /</subfield>
		<subfield code="k">لجنة التأليف والترجمة والنشر؛.</subfield>
	</datafield>
	<datafield ind1="0" ind2="8" tag="776">
		<subfield code="i">Print version:</subfield>
		<subfield code="a">ابن عبد ربه الأندلسي، أبي عمر بن محمد، 860-940 م.</subfield>
		<subfield code="t">العقد الفريد</subfield>
		<subfield code="w">(aeadna)5733</subfield>
	</datafield>
	<datafield ind1="4" ind2="0" tag="856">
		<subfield code="u">http://hdl.handle.net/2333.1/tmpg4rqc</subfield>
	</datafield>
	<datafield ind1=" " ind2=" " tag="949">
		<subfield code="a">PJ7745 .I15 1953</subfield>
		<subfield code="v">1</subfield>
		<subfield code="w">DDC</subfield>
		<subfield code="i">30018000014680</subfield>
		<subfield code="u">06/24/2003</subfield>
		<subfield code="d">07/15/2009</subfield>
		<subfield code="n">0</subfield>
		<subfield code="t">Book</subfield>
		<subfield code="l">av</subfield>
		<subfield code="m">MAIN</subfield>
		<subfield code="x">RAR</subfield>
	</datafield>
	<datafield ind1=" " ind2=" " tag="949">
		<subfield code="a">PJ7745 .I15 1953</subfield>
		<subfield code="v">2</subfield>
		<subfield code="w">DDC</subfield>
		<subfield code="i">30018000014679</subfield>
		<subfield code="u">06/24/2003</subfield>
		<subfield code="d">07/15/2009</subfield>
		<subfield code="n">0</subfield>
		<subfield code="t">Book</subfield>
		<subfield code="l">av</subfield>
		<subfield code="m">MAIN</subfield>
		<subfield code="x">RAR</subfield>
	</datafield>
	<datafield ind1=" " ind2=" " tag="959">
		<subfield code="a">NNU</subfield>
		<subfield code="b">WEB</subfield>
		<subfield code="c">GENI</subfield>
		<subfield code="t">0</subfield>
		<subfield code="m">Electronic access</subfield>
		<subfield code="s">01</subfield>
	</datafield>
	<datafield ind1=" " ind2=" " tag="999">
		<subfield code="i">aeadna_5733</subfield>
		<subfield code="s">uaena_aco000041:1&amp;2</subfield>
		<subfield code="s">uaena_aco000042:3</subfield>
		<subfield code="e">(ERROR-880)</subfield>
	</datafield>
</record>
